%% This BibTeX bibliography file was created using BibDesk.
%% http://bibdesk.sourceforge.net/

%% Created for Jonathan Ostroff at 2017-10-15 18:02:28 -0400 


%% Saved with string encoding Unicode (UTF-8) 



@book{JM2007,
	Author = {Bertil Jacobson and Alan Murray},
	Date-Added = {2017-10-15 21:59:28 +0000},
	Date-Modified = {2017-10-15 22:01:29 +0000},
	Publisher = {Elsevier},
	Title = {Medical Devices: Use and Safety },
	Year = {2007}}

@incollection{WLH05,
	Author = {Alan Wassyng and Mark Lawford and Xiayong Hu},
	Booktitle = {{FM 2005}},
	Date-Added = {2014-10-29 21:29:44 +0000},
	Date-Modified = {2014-10-29 21:33:43 +0000},
	Editor = {J.S. Fitzgerald and I.J. Hayes and A. Tarlecki},
	Pages = {157--172},
	Publisher = {Springer-Verlag},
	Title = {{Timing Tolerances in Safety-Critical Software}},
	Volume = {LNCS 3582},
	Year = {2005}}

@techreport{telelogic,
	Author = {Teleogic},
	Date-Added = {2014-10-27 00:18:29 +0000},
	Date-Modified = {2014-10-27 00:19:42 +0000},
	Institution = {Telelogic},
	Number = {MN-DOR-ED-GTR80-05-01},
	Title = {{Get it Right the First Time: Writing Better Requirements}},
	Year = {2007}}

@techreport{REMH,
	Author = {US FAA},
	Date-Added = {2014-10-26 21:55:46 +0000},
	Date-Modified = {2014-10-26 22:02:58 +0000},
	Institution = {{U.S. Department of Transportation Federal Aviation Administration}},
	Month = {June},
	Number = {{DOT/FAA/AR-08/32}},
	Title = {{Requirements Engineering Management Handbook}},
	Year = {2009}}

@book{Lamsweerde09,
	Author = {Axel van Lamsweerde.},
	Date-Added = {2012-09-24 19:00:10 +0000},
	Date-Modified = {2012-09-24 19:01:53 +0000},
	Publisher = {Wiley},
	Title = {Requirements Engineering: From System Goals to UML Models to Software Specifications},
	Year = {2009}}

@book{GS93,
	Author = {David Gries and Fred B. Schneider},
	Date-Added = {2012-09-23 18:59:22 +0000},
	Date-Modified = {2012-09-23 19:01:13 +0000},
	Publisher = {Springer-Verlag},
	Title = {A logical approach to discrete math},
	Year = {1993}}

@book{Spivey92,
	Author = {J.M Spivey},
	Date-Added = {2012-09-09 23:17:14 +0000},
	Date-Modified = {2012-09-09 23:18:21 +0000},
	Publisher = {Prentice Hall},
	Title = {The Z notation},
	Year = {1992}}
